% Bibliography file for AI-NEPI Conference Proceedings
% This file must exist even if empty because chapters reference it in YAML front matter
